@online{url:mygithub,
  author = {José Ángel García},
  title = {Github repository},
  year = 2020,
  url = {https://github.com/ealtamirano},
  urldate = {2020-11-19}
}

@article{definition:redsocial,
    author 		= {Danah M. Boyd, Nicole B. Ellison},
    title 		= {Social Network Sites: Definition, History, and Scholarship},
    year 		= {2007},
    url 		= {https://onlinelibrary.wiley.com/doi/10.1111/j.1083-6101.2007.00393.x},
    urldate 		= {2020-12-16},
}

@techreport{knuth:1989:mathwriting,
	author        = {Knuth, Donald E. and Larrabee, Tracy and Roberts, Paul M.},
	title         = {Mathematical writing},
	institution   = {Stanford University},
	address       = {California, USA},
	year          = {1987},
	pages         = {1-117},
	url 		  = {https://jmlr.csail.mit.edu/reviewing-papers/knuth_mathematical_writing.pdf}
}

@online{url:techwriting,
  author = {University of Hawaii. Kazuo Sugihara},
  title = {Course Outline and Lecture Notes on Technical Communication},
  year = 2016,
  url = {http://www2.hawaii.edu/~sugihara/courses/HCU2016s_TC/notes/TechWriting1.html},
  urldate = {2020-11-16}
}
